<record><leader>00000cas a22000007a 4500</leader><controlfield tag="001">16116784</controlfield><controlfield tag="008">870701c19519999iaudn ne      0   a0eng c</controlfield><datafield ind1=" " ind2=" " tag="010"><subfield code="a">sn 88059497 </subfield></datafield><datafield ind1=" " ind2=" " tag="040"><subfield code="a">INP</subfield><subfield code="b">eng</subfield><subfield code="c">INP</subfield><subfield code="d">NSD</subfield><subfield code="d">OCLCQ</subfield></datafield><datafield ind1=" " ind2=" " tag="012"><subfield code="m">1</subfield></datafield><datafield ind1="1" ind2=" " tag="022"><subfield code="a">1049-7242</subfield><subfield code="l">1049-7242</subfield><subfield code="2">1</subfield></datafield><datafield ind1="1" ind2=" " tag="029"><subfield code="a">AU@</subfield><subfield code="b">000025806724</subfield></datafield><datafield ind1=" " ind2=" " tag="032"><subfield code="a">100480</subfield><subfield code="b">USPS</subfield></datafield><datafield ind1=" " ind2=" " tag="037"><subfield code="b">Charles City Press, 100 N. Main St., Charles City, IA 50616</subfield></datafield><datafield ind1=" " ind2=" " tag="042"><subfield code="a">pcc</subfield><subfield code="a">nsdp</subfield></datafield><datafield ind1="0" ind2=" " tag="130"><subfield code="a">Charles City press (Charles City, Iowa : 1951)</subfield></datafield><datafield ind1=" " ind2="0" tag="222"><subfield code="a">Charles City press</subfield><subfield code="b">(1951)</subfield></datafield><datafield ind1="0" ind2="0" tag="245"><subfield code="a">Charles City press.</subfield></datafield><datafield ind1=" " ind2=" " tag="260"><subfield code="a">Charles City, Iowa :</subfield><subfield code="b">[s.n.],</subfield><subfield code="c">1951-</subfield></datafield><datafield ind1=" " ind2=" " tag="300"><subfield code="a">v.</subfield></datafield><datafield ind1=" " ind2=" " tag="310"><subfield code="a">Daily (except Sunday and holidays),</subfield><subfield code="b">&lt;Feb. 3, 1990-&gt;</subfield></datafield><datafield ind1=" " ind2=" " tag="321"><subfield code="a">Daily (except Sunday),</subfield><subfield code="b">Aug. 6, 1951-</subfield></datafield><datafield ind1=" " ind2=" " tag="321"><subfield code="a">Daily (except Saturday, Sunday and holidays),</subfield><subfield code="b">&lt;Feb. 1, 1988-&gt;</subfield></datafield><datafield ind1="0" ind2=" " tag="362"><subfield code="a">Vol. 55, no. 128 (Aug. 6, 1951)-</subfield></datafield><datafield ind1=" " ind2=" " tag="500"><subfield code="a">Published: Charles City Press, &lt;Feb. 3, 1990-&gt;</subfield></datafield><datafield ind1=" " ind2=" " tag="752"><subfield code="a">United States</subfield><subfield code="b">Iowa</subfield><subfield code="c">Floyd</subfield><subfield code="d">Charles City.</subfield></datafield><datafield ind1="0" ind2="0" tag="780"><subfield code="t">Charles City press and evening intelligencer (Charles City, Iowa : 1949)</subfield><subfield code="w">(DLC)sn 88059496</subfield></datafield><datafield ind1=" " ind2=" " tag="936"><subfield code="a">Vol. 94, no. 25 (Feb. 3, 1990) LIC</subfield></datafield></record>